<?xml version="1.0" encoding="UTF-8"?><collection xmlns="http://www.loc.gov/MARC21/slim"><record><leader>00523nam--2200181-i-4500</leader><controlfield tag="001">000044095</controlfield><controlfield tag="002">20161230</controlfield><controlfield tag="005">20161230201044</controlfield><controlfield tag="008">060222s1000------------r-----000-0-eng-d</controlfield><datafield ind1=" " ind2=" " tag="040"><subfield code="a">IFIN-HH</subfield></datafield><datafield ind1=" " ind2=" " tag="080"><subfield code="a">808.4=20</subfield></datafield><datafield ind1="1" ind2=" " tag="100"><subfield code="a">Przywarska, Wanda</subfield></datafield><datafield ind1="1" ind2="0" tag="245"><subfield code="a">W polsce po polsku. an elementary polish course for english speakers</subfield><subfield code="c">Wanda przywarska, maria grala</subfield></datafield><datafield ind1=" " ind2=" " tag="260"><subfield code="a">Warszawa</subfield><subfield code="b">Panstwowe Wydawnictwo Naukove</subfield><subfield code="c">1981</subfield></datafield><datafield ind1=" " ind2=" " tag="300"><subfield code="a">224P</subfield></datafield><datafield ind1="1" ind2=" " tag="700"><subfield code="a">Grala, Maria</subfield></datafield><datafield ind1=" " ind2=" " tag="852"><subfield code="a">49475</subfield><subfield code="c">4</subfield></datafield><datafield ind1=" " ind2=" " tag="CAT"><subfield code="a">Sys</subfield><subfield code="c">20130206</subfield><subfield code="h">160920</subfield></datafield></record></collection>